@preamble{ "\newcommand{\noopsort}[1]{} "
    # "\newcommand{\printfirst}[2]{#1} "
    # "\newcommand{\singleletter}[1]{#1} "
    # "\newcommand{\switchargs}[2]{#2#1} " }

@book{compgeom2008,
  author    = {de Berg, Mark and
               van Kreveld, Marc and
               Overmars, Mark and
               Schwarzkopf, Otfried},
  title     = {Computational Geometry: Algorithms and Applications},
  publisher = {Springer-Verlag},
  year      = {2008},
  edition   = {3.},
  url       = {http://www.cs.uu.nl/geobook/}
}

@book{compvis2001,
  author    = {Shapiro, Linda G. and
               Stockman, George C.},
  title     = {Computer Vision},
  publisher = {Prentice Hall},
  year      = {2001},
  edition   = {1.},
  url       = {http://www.cse.msu.edu/~stockman/Book/}
}

@inproceedings{DBLP:conf/cvpr/DalalT05,
  author    = {Navneet Dalal and
               Bill Triggs},
  title     = {Histograms of Oriented Gradients for Human Detection},
  booktitle = {CVPR (1)},
  year      = {2005},
  pages     = {886-893},
  ee        = {http://dx.doi.org/10.1109/CVPR.2005.177},
  crossref  = {DBLP:conf/cvpr/2005},
  bibsource = {DBLP, http://dblp.uni-trier.de}
}

@proceedings{DBLP:conf/cvpr/2005,
  title     = {2005 IEEE Computer Society Conference on  Computer Vision
               and Pattern Recognition (CVPR 2005), 20-26 June 2005, San
               Diego, CA, USA},
  booktitle = {CVPR},
  publisher = {IEEE Computer Society},
  year      = {2005},
  isbn      = {0-7695-2372-2},
  bibsource = {DBLP, http://dblp.uni-trier.de}
}

@book{DBLP:books/garland/Roberts63,
  author    = {Lawrence G. Roberts},
  title     = {Machine Perception of Three-Dimensional Solids},
  publisher = {Garland Publishing, New York},
  series    = {Outstanding Dissertations in the Computer Sciences},
  year      = {1963},
  isbn      = {0-8240-4427-4},
  bibsource = {DBLP, http://dblp.uni-trier.de},
  url       = {http://www.packet.cc/files/mach-per-3D-solids.html}
}

@phdthesis{roberts1963,
  author    = {Lawrence G. Roberts},
  title     = {Machine Perception of Three-Dimensional Solids},
  publisher = {Massachusetts Institute of Technology},
  school    = {Massachusetts Institute of Technology. Dept. of Electrical Engineering},
  year      = {1963},
  url       = {http://hdl.handle.net/1721.1/11589}
}

@article{braden1986,
  author    = {Braden, Bart},
  title     = {The Surveyor's Area Formular},
  journal   = {The College Mathematics Journal},
  year      = {1986},
  month     = sep,
  number    = {4},
  volume    = {17},
  pages     = {326--337}
}

@techreport{jfif,
  author    = {Eric Hamilton},
  title     = {JPEG File Interchange Format},
  institution = {Joint Photographic Experts Group},
  year      = {1992},
  month     = sep,
  url       = {http://www.jpeg.org/public/jfif.pdf}
}

@techreport{itu/rec/601,
  author    = {ITU},
  title     = {Studio encoding parameters of digital television for standard 4:3 and wide-screen 16:9 aspect ratios},
  institution = {ITU-R},
  numbers   = {ITU-R BT.601-7},
  year      = {2011},
  month     = mar,
  url       = {http://www.itu.int/dms_pubrec/itu-r/rec/bt/R-REC-BT.601-7-201103-I!!PDF-E.pdf}
}

@techreport{itu/rec/709,
  author    = {ITU},
  title     = {Parameter values for the HDTV standards for production and international programme exchange},
  institution = {ITU-R},
  numbers   = {ITU-R BT.709-5},
  year      = {2002},
  month     = apr,
  url       = {http://www.itu.int/dms_pubrec/itu-r/rec/bt/R-REC-BT.709-5-200204-I!!PDF-E.pdf}
}

@incollection{prewitt1070,
  author    = {Judith M. S. Prewitt},
  year      = {1970},
  publisher = {Academic Press},
  title     = {Object Enhancement and Extraction},
  booktitle = {Picture processing and Psychopictorics},
  url       = {http://web.eecs.utk.edu/~qi/ece472-572/reference/edge-Prewitt70.pdf}
}

@phdthesis{scharr2000,
  author    = {Hanno Scharr},
  year      = {2000},
  title     = {Optimale Operatoren in der Digitalen Bildverarbeitung},
  school    = {Ruprecht-Karls-Universität Heidelberg},
  url       = {http://archiv.ub.uni-heidelberg.de/volltextserver/962/}
}

@article{otsu1979,
  author    = {Nobuyuki Otsu},
  title     = {A Threshold Selection Method from Gray-Level Histograms},
  journal   = {IEEE Transactions on Systems, Man and Cybernetics},
  year      = {1979},
  month     = jan,
  pages     = {62--66},
  url       = {http://ieeexplore.ieee.org/xpl/articleDetails.jsp?arnumber=4310076}
}

@inproceedings{DBLP:conf/biostec/AnjosS08,
  author    = {Ant{\'o}nio dos Anjos and
               Hamid Shahbazkia},
  title     = {Bi-Level Image Thresholding - A Fast Method},
  booktitle = {BIOSIGNALS (2)},
  year      = {2008},
  pages     = {70-76},
  crossref  = {DBLP:conf/biostec/2008bs2},
  bibsource = {DBLP, http://dblp.uni-trier.de}
}

@proceedings{DBLP:conf/biostec/2008bs2,
  editor    = {Pedro Encarna\c{c}{\~a}o and
               Ant{\'o}nio Veloso},
  title     = {Proceedings of the First International Conference on Biomedical
               Electronics and Devices, BIOSIGNALS 2008, Funchal, Madeira,
               Portugal, January 28-31, 2008, Volume 2},
  booktitle = {BIOSIGNALS (2)},
  publisher = {INSTICC - Institute for Systems and Technologies of Information,
               Control and Communication},
  year      = {2008},
  isbn      = {978-9-89811-118-0},
  bibsource = {DBLP, http://dblp.uni-trier.de}
}

@book{steinmueller2008,
  title     = {Bildanalyse: Von der Bildverarbeitung zur räumlichen Interpretation von Bildern},
  author    = {Johannes Steinmüller},
  publisher = {Springer},
  year      = {2008},
  isbn      = {978-3-54079-742-5}
}

@book{davies2012,
  author    = {E. R. Davies},
  title     = {Computer and Machine Vision: Theory, Algorithms, Practicalities},
  publisher = {Academic Press},
  year      = {2012},
  edition   = {4.},
  isbn      = {978-0-12386-908-1}
}

@techreport{arnon1983,
  author    = {Dennis S. Arnon and
               John P. Gieselmann},
  title     = {A linear time algorithm for the minimum area rectangle enclosing a convex polygon},
  institution = {Computer Science Department, Purdue University},
  numbers   = {463},
  year      = {1983},
  month     = dec,
  url       = {www.cs.purdue.edu/research/technical_reports/1983/TR\%2083-463.pdf}
}

@book{Toennies2005,
  title     = {Grundlagen der Bildverarbeitung},
  author    = {Klaus D. Tönnies},
  publisher = {Pearson},
  year      = {2005},
  isbn      = {978-3-8273-7155-4}
}

@book{Pratt1991,
  title     = {Digital Image Processing},
  author    = {William K. Pratt},
  publisher = {John Wiley and Sons, inc},
  year      = {1991},
  isbn      = {0-471-85766-1}
}

@book{Allais2006,
  title     = {AIDC Memoirs},
  author    = {David C. Allais},
  publisher = {PathGuide Technologies, Inc.},
  year      = {2006},
  isbn      = {425-438-2899}
}

@misc{DensoWave2010,
  author    = {DensoWave},
  url       = {http://www.qrcode.com/en/index.html}
}

@misc{Cometitrack2011,
  author    = {Cometitrack},
  year      = {2011},
  url       = {http://www.competitrack.com/nhpub/2dcodes/index.html}
}
@book{Furht2011,
  title     = {Handbook of Augmented Reality},
  author    = {Borko Furht},
  publisher = {Springer},
  year      = {2011},
  isbn      = {978-1461400639}
}
